
%%Frequently cited:

@article{Day:2005p5856,
author = {Day, S W and Higham, T E and Cheer, A Y and Wainwright, Peter C},
title = {{Spatial and temporal patterns of water flow generated by suction-feeding bluegill sunfish resolved by Particle Image Velocimetry}},
journal = {J. Exp. Biol.},
year = {2005},
volume = {208},
pages = {2661--2671}
}


@article{Domenici:2011tv,
	Author = {Domenici, P and Blagburn, J M},
	Journal = {J. Exp. Biol.},
	Pages = {2463--2473},
	Title = {{Animal escapology I: theoretical issues and emerging trends in escape trajectories}},
	Volume = {214},
	Year = {2011}}

@article{Domenici:2011vl,
	Author = {Domenici, P and Blagburn, J M},
	Journal = {J. Exp. Biol.},
	Title = {{Animal escapology II: escape trajectory case studies}},
	Volume = {214},
	Pages = {2474--2494},
	Year = {2011}}

@article{Higham:2005iu,
author = {Higham, Timothy E and Malas, Brett and Jayne, Bruce C and Lauder, George V},
title = {{Constraints on starting and stopping: behavior compensates for reduced pectoral fin area during braking of the bluegill sunfish Lepomis macrochirus}},
journal = {J. Exp. Biol},
year = {2005},
volume = {208},
number = {24},
pages = {4735--4746},
month = dec
}

@article{Higham:2007go,
author = {Higham, Timothy E},
title = {{Feeding, fins and braking maneuvers: locomotion during prey capture in centrarchid fishes}},
journal = {J. Exp. Biol},
year = {2007},
volume = {210},
number = {1},
pages = {107--117},
month = jan
}



@article{Howland:1974,
	Author = {Howland, H C},
	Date-Modified = {2015-02-04 15:20:26 +0000},
	Journal = {J. Theor. Biol.},
	Title = {{Optimal strategies for predator avoidance: The relative importance of speed and manoeuvrability}},
	Year = {1974}}

@article{Stewart:2014cm,
author = {Stewart, W. J. and Nair, A and Jiang, H and McHenry, M. J.},
title = {{Prey fish escape by sensing the bow wave of a predator}},
journal = {J. Exp. Biol.},
year = {2014},
volume = {217},
number = {24},
pages = {4328--4336},
month = dec
}

@article{Stewart:2013bh,
author = {Stewart, W J and Cardenas, G. S. and McHenry, M. J.},
title = {{Zebrafish larvae evade predators by sensing water flow}},
journal = {J. Exp. Biol.},
year = {2013},
volume = {216},
number = {3},
pages = {388--398},
month = jan
}


@article{Weihs:1984tb,
	Annote = {SD408
J THEOR BIOL},
	Author = {Weihs, D and Webb, P W},
	Date-Modified = {2015-02-04 15:20:18 +0000},
	Journal = {J. Theor. Biol.},
	Number = {2},
	Pages = {189--206},
	Title = {{Optimal avoidance and evasion tactics in predator-prey interactions}},
	Volume = {106},
	Year = {1984}}

@article{Webb:1976tq,
	Author = {Webb, P W},
	Journal = {J. Exp. Biol.},
	Pages = {157--177},
	Title = {{The effect of size on the fast-start performance of rainbow trout \textit{Salmo cairdneri}, and a consideration of piscivorous predator-prey interactions}},
	Volume = {65},
	Year = {1976}}
	
@article{Wainwright:2001ufa,
author = {Wainwright, P C and Ferry-Graham, Lara and Waltzek, T B and Carroll, A M and Hulsey, C D and Grubich, J R},
title = {{Evaluating the use of ram and suction during prey capture by cichlid fishes}},
journal = {J. Exp. Biol.},
year = {2001},
volume = {204},
pages = {3039--3051}
}




%% Less frequently cited:

@book{Salen:2004wp,
author = {Salen, Katie and Zimmerman, Eric},
title = {{Rules of Play: Game Design Fundamentals}},
publisher = {MIT Press},
year = {2004},
}


@book{Webb:2007hg,
author = {Webb, James N},
title = {{Game Theory: Decisions, Interaction and Evolution}},
publisher = {Springer},
year = {2007},
address = {London},
month = mar
}

@article{Norton:1993vc,
author = {Norton, S F and Brainerd, E L},
title = {{Convergence in the feeding mechanics of ecomorphologically similar species in the \textit{Centrarchidae} and \textit{Cichlidae}}},
journal = {J. Exp. Biol.},
year = {1993},
volume = {176},
pages = {11--29},
month = mar,
annote = {KV681J EXP BIOL}
}

@book{Isaacs:1965va,
author = {Isaacs, Rufus},
title = {{Differential Games: A Mathematical Theory with Applications to Warfare and Pursuit, Control and Optimization}},
publisher = {John Wiley and Sons, Inc.},
year = {1965},
address = {New York},
month = apr
}

@book{Ruxton:2004vb,
author = {Ruxton, Graeme D and Sherratt, Tom N and Speed, Mike},
title = {{Avoiding Attack:The Evolutionary Ecology of Crypsis, Warning Signals and Mimicry}},
publisher = {OUP Oxford},
year = {2004},
address = {Oxford},
month = oct
}

@book{Emlen:2014wb,
author = {Emlen, Douglas J},
title = {{Animal Weapons:The Evolution of Battle}},
publisher = {Macmillan},
year = {2014},
month = nov
}

@book{Evans:1990va,
author = {Evans, David L and Schmidt, Justin O},
title = {{Insect Defenses: Adaptive Mechanisms and Strategies of Prey and Predators}},
publisher = {SUNY Press},
year = {1990},
address = {Albany, NY}
}









	
