%% This BibTeX bibliography file was created using BibDesk.
%% http://bibdesk.sourceforge.net/


%% Created for Alberto Soto at 2015-02-05 18:01:39 -0800 


%% Saved with string encoding Unicode (UTF-8) 



@article{Domenici:1997uw,
	Author = {Domenici, P and Blake, R},
	Journal = {Journal of Experimental Biology},
	Month = apr,
	Number = {8},
	Pages = {1165--1178},
	Title = {{The kinematics and performance of fish fast-start swimming}},
	Volume = {200},
	Year = {1997}}

@article{Vicsek:2010bp,
	Author = {Vicsek, Tamas},
	Journal = {Nature},
	Number = {7302},
	Pages = {43--44},
	Title = {{STATISTICAL PHYSICS Closing in on evaders}},
	Volume = {466},
	Year = {2010}}

@article{Anonymous:54X5RmcB,
	Month = oct,
	Pages = {1--6},
	Title = {{Survival of an evasive prey}},
	Year = {2014}}

@article{Grunewalder:2012jy,
	Annote = {This paper details the data collection and analysis methods for cheetah beahviour. They use a Support Vector Machine for classification in conjunction with a Hidden Markov Model (with 3 states) to gain temopral information. Cheetah feeding behaviour was determined by these methods. },
	Author = {Gr{\"u}new{\"a}lder, Steffen and Broekhuis, Femke and Macdonald, David Whyte and Wilson, Alan Martin and McNutt, John Weldon and Shawe-Taylor, John and Hailes, Stephen},
	Journal = {PLoS ONE},
	Month = nov,
	Number = {11},
	Pages = {e49120},
	Title = {{Movement Activity Based Classification of Animal Behaviour with an Application to Data from Cheetah (Acinonyx jubatus)}},
	Volume = {7},
	Year = {2012}}

@article{Alshamary:2011fh,
	Author = {Alshamary, Bader and Calin, Ovidiu},
	Journal = {Journal of Mathematical Biology},
	Month = nov,
	Number = {5},
	Pages = {881--900},
	Title = {{Geometric optimization for prey-predator strategies}},
	Volume = {63},
	Year = {2011}}

@article{Jarmark:1981uz,
	Author = {Jarmark, BSA and Merz, A W and Breakwell, J V},
	Journal = {Journal of guidance},
	Title = {{The variable-speed tail-chase aerial combat problem}},
	Year = {1981}}

@article{Holzman:2011fq,
	Author = {Holzman, R and Collar, D C and Mehta, R S and Wainwright, P C},
	Journal = {Journal of Experimental Biology},
	Month = dec,
	Number = {1},
	Pages = {1--13},
	Title = {{An integrative modeling approach to elucidate suction-feeding performance}},
	Volume = {215},
	Year = {2011}}

@article{Kullberg:1998ur,
	Author = {Kullberg, C and Jakobsson, S and Fransson, T},
	Journal = {Proceedings of the Royal Society of London. Series B: Biological Sciences},
	Number = {1406},
	Pages = {1659--1664},
	Title = {{Predator-induced take-off strategy in great tits (Parus major)}},
	Volume = {265},
	Year = {1998}}

@article{Morice:2013fb,
	Author = {Morice, Sylvie and Pincebourde, Sylvain and Darboux, Frederic and Kaiser, Wilfried and Casas, Jerome},
	Journal = {Integrative and Comparative Biology},
	Month = nov,
	Number = {5},
	Pages = {767--779},
	Title = {{Predator-Prey Pursuit-Evasion Games in Structurally Complex Environments}},
	Volume = {53},
	Year = {2013}}

@article{Merz:1985ty,
	Author = {Merz, A W},
	Journal = {Journal of guidance},
	Title = {{To pursue or to evade-That is the question}},
	Year = {1985}}

@article{Hedenstrom:2001do,
	Author = {Hedenstr{\"o}m, A and Ros{\'e}n, M},
	Journal = {Behavioral Ecology},
	Number = {2},
	Pages = {150--156},
	Title = {{Predator versus prey: on aerial hunting and escape strategies in birds}},
	Volume = {12},
	Year = {2001}}

@article{Catania:2009jl,
	Author = {Catania, Kenneth C},
	Journal = {Proceedings of the National Academy of Sciences},
	Month = jul,
	Number = {27},
	Pages = {11183--11187},
	Title = {{Tentacled snakes turn C-starts to their advantage and predict future prey behavior}},
	Volume = {106},
	Year = {2009}}

@article{Rajan:1981gs,
	Author = {Rajan, N and Prasad, U R and Rao, N J},
	Journal = {Journal of Optimization Theory and Applications},
	Month = mar,
	Number = {3},
	Pages = {419--432},
	Title = {{Planar pursuit-evasion with variable speeds, part 2, barrier sections}},
	Volume = {33},
	Year = {1981}}

@article{Kane:2014tq,
	Author = {Kane, E A and Higham, T E},
	Journal = {Journal of The Royal Society {\ldots}},
	Title = {{Modelled three-dimensional suction accuracy predicts prey capture success in three species of centrarchid fishes}},
	Year = {2014}}

@article{Combes:2012et,
	Author = {Combes, S A and Rundle, D E and Iwasaki, J M and Crall, J D},
	Journal = {Journal of Experimental Biology},
	Month = feb,
	Number = {6},
	Pages = {903--913},
	Title = {{Linking biomechanics and ecology through predator-prey interactions: flight performance of dragonflies and their prey}},
	Volume = {215},
	Year = {2012}}

@article{Bailey:2012ei,
	Annote = {Review of cooperative hunting within species, suggests more detailed data of field behaviors to understand level of cooperation and the different ways in which animals achieve it. },
	Author = {Bailey, Ida and Myatt, Julia P and Wilson, Alan Martin},
	Journal = {Behavioral Ecology and Sociobiology},
	Month = oct,
	Number = {1},
	Pages = {1--17},
	Title = {{Group hunting within the Carnivora: physiological, cognitive and environmental influences on strategy and cooperation}},
	Volume = {67},
	Year = {2012}}

@article{Domenici:2010bo,
	Author = {Domenici, Paolo},
	Journal = {dx.doi.org},
	Month = oct,
	Number = {1-2},
	Pages = {87--110},
	Title = {{The Visually Mediated Escape Response in Fish: Predicting Prey Responsiveness and the Locomotor Behaviour of Predators and Prey}},
	Volume = {35},
	Year = {2010}}

@article{Kamimura:2010hn,
	Author = {Kamimura, Atsushi and Ohira, Toru},
	Journal = {New Journal of Physics},
	Number = {5},
	Title = {{Group chase and escape}},
	Volume = {12},
	Year = {2010}}

@article{Li:2012hd,
	Author = {Li, Gen and Mueller, Ulrike K and van Leeuwen, Johan L and Liu, Hao},
	Journal = {Journal of Experimental Biology},
	Month = nov,
	Number = {22},
	Pages = {4015--4033},
	Title = {{Body dynamics and hydrodynamics of swimming fish larvae: a computational study}},
	Volume = {215},
	Year = {2012}}

@article{Combes:2012eta,
	Author = {Combes, S A and Rundle, D E and Iwasaki, J M and Crall, J D},
	Journal = {Journal of Experimental Biology},
	Month = mar,
	Number = {6},
	Pages = {903--913},
	Title = {{Linking biomechanics and ecology through predator{\textendash}prey interactions: flight performance of dragonflies and their prey}},
	Volume = {215},
	Year = {2012}}

@article{Wilson:2014fd,
	Author = {Wilson, A. M. and Lowe, J. C. and Roskilly, K. and Hudson, P. E. and Golabek, K. A. and McNutt, J. W.},
	Date-Modified = {2015-02-06 01:59:31 +0000},
	Journal = {Nature},
	Month = 06,
	Number = {7453},
	Pages = {185--189},
	Title = {Locomotion dynamics of hunting in wild cheetahs},
	Volume = {498},
	Year = {2013}}

@article{Kane:2011hz,
	Author = {Kane, Emily A and Higham, Timothy E},
	Journal = {Journal of Experimental Biology},
	Month = apr,
	Number = {7},
	Pages = {1092--1099},
	Title = {{The integration of locomotion and prey capture in divergent cottid fishes: functional disparity despite morphological similarity}},
	Volume = {214},
	Year = {2011}}

@article{Domenici:2011fs,
	Author = {Domenici, Paolo and Blagburn, Jonathan M and Bacon, Jonathan P},
	Journal = {Journal of Experimental Biology},
	Month = aug,
	Number = {15},
	Pages = {2474--2494},
	Title = {{Animal escapology II: escape trajectory case studies}},
	Volume = {214},
	Year = {2011}}

@article{Lima:2002ij,
	Author = {Lima, S L},
	Journal = {Trends in Ecology {\&} Evolution},
	Month = feb,
	Number = {2},
	Pages = {70--75},
	Title = {{Putting predators back into behavioral predator-prey interactions}},
	Volume = {17},
	Year = {2002}}

@article{Merz:1972ic,
	Author = {Merz, A W},
	Journal = {Journal of Optimization Theory and Applications},
	Month = may,
	Number = {5},
	Pages = {324--343},
	Title = {{The game of two identical cars}},
	Volume = {9},
	Year = {1972}}

@article{Finkbeiner:2012ve,
	Author = {Finkbeiner, S D and Briscoe, A D},
	Journal = {{\ldots} of the Royal {\ldots}},
	Title = {{The benefit of being a social butterfly: communal roosting deters predation}},
	Year = {2012}}

@article{Weihs:1984jq,
	Author = {Weihs, D and Webb, P W},
	Journal = {Journal of Theoretical Biology},
	Month = jan,
	Number = {2},
	Pages = {189--206},
	Title = {{Optimal avoidance and evasion tactics in predator-prey interactions}},
	Volume = {106},
	Year = {1984}}

@article{Kane:2014fs,
	Author = {Kane, S A and Zamani, M},
	Journal = {Journal of Experimental Biology},
	Month = jan,
	Number = {2},
	Pages = {225--234},
	Title = {{Falcons pursue prey using visual motion cues: new perspectives from animal-borne cameras}},
	Volume = {217},
	Year = {2014}}

@article{Prasad:1981do,
	Author = {Prasad, U R and Rajan, N and Rao, N J},
	Journal = {Journal of Optimization Theory and Applications},
	Month = mar,
	Number = {3},
	Pages = {401--418},
	Title = {{Planar pursuit-evasion with variable speeds, part 1, extremal trajectory maps}},
	Volume = {33},
	Year = {1981}}

@article{Nishi:2012hk,
	Author = {Nishi, Ryosuke and Kamimura, Atsushi and Nishinari, Katsuhiro and Ohira, Toru},
	Journal = {Physica a-Statistical Mechanics and Its Applications},
	Number = {1-2},
	Pages = {337--342},
	Title = {{Group chase and escape with conversion from targets to chasers}},
	Volume = {391},
	Year = {2012}}

@article{Alpern:2011ip,
	Author = {Alpern, Steve and Fokkink, Robbert and Timmer, Marco and Casas, Jerome},
	Journal = {Journal of the Royal Society Interface},
	Number = {64},
	Pages = {1665--1672},
	Title = {{Ambush frequency should increase over time during optimal predator search for prey}},
	Volume = {8},
	Year = {2011}}

@article{Gazzola:2012ct,
	Author = {Gazzola, M and Van Rees, W M and Koumoutsakos, P},
	Journal = {Journal of Fluid Mechanics},
	Month = feb,
	Pages = {5--18},
	Title = {{C-start: optimal start of larval fish}},
	Volume = {698},
	Year = {2012}}

@article{Angelani:2012dt,
	Author = {Angelani, Luca},
	Journal = {Physical review letters},
	Month = sep,
	Number = {11},
	Pages = {118104},
	Title = {{Collective Predation and Escape Strategies}},
	Volume = {109},
	Year = {2012}}

@article{Domenici:2011dd,
	Author = {Domenici, Paolo and Blagburn, Jonathan M and Bacon, Jonathan P},
	Journal = {Journal of Experimental Biology},
	Month = aug,
	Number = {15},
	Pages = {2463--2473},
	Title = {{Animal escapology I: theoretical issues and emerging trends in escape trajectories}},
	Volume = {214},
	Year = {2011}}

@article{vandenHout:2009bo,
	Author = {van den Hout, P J and Mathot, K J and Maas, L R M and Piersma, T},
	Journal = {Behavioral Ecology},
	Month = dec,
	Number = {1},
	Pages = {16--25},
	Title = {{Predator escape tactics in birds: linking ecology and aerodynamics}},
	Volume = {21},
	Year = {2009}}

@article{Walker:2005bb,
	Author = {Walker, J A and Ghalambor, C K and Griset, O L and McKenney, D and Reznick, D N},
	Journal = {Functional Ecology},
	Month = oct,
	Number = {5},
	Pages = {808--815},
	Title = {{Do faster starts increase the probability of evading predators?}},
	Volume = {19},
	Year = {2005}}
