%% This BibTeX bibliography file was created using BibDesk.
%% http://bibdesk.sourceforge.net/


%% Created for Matthew McHenry at 2015-02-04 07:20:39 -0800 


%% Saved with string encoding Unicode (UTF-8) 



@article{Domenici:2011tv,
	Author = {Domenici, P and Blagburn, JM},
	Journal = {J. Exp. Biol},
	Pages = {2463--2473},
	Title = {{Animal escapology I: theoretical issues and emerging trends in escape trajectories}},
	Volume = {214},
	Year = {2011}}

@article{Domenici:2011vl,
	Author = {Domenici, P and Blagburn, JM},
	Journal = {The Journal of {\ldots}},
	Title = {{Animal escapology II: escape trajectory case studies}},
	Year = {2011}}

@article{Weihs:1984tb,
	Annote = {SD408
J THEOR BIOL},
	Author = {Weihs, D and Webb, Paul},
	Date-Modified = {2015-02-04 15:20:18 +0000},
	Journal = {J. Theor. Biol.},
	Number = {2},
	Pages = {189--206},
	Title = {{Optimal Avoidance and Evasion Tactics in Predator-Prey Interactions}},
	Volume = {106},
	Year = {1984}}

@article{Webb:1976tq,
	Author = {Webb, Paul},
	Journal = {JOURNAL OF EXPERIMENTAL BIOLOGY},
	Pages = {157--177},
	Title = {{The effect of size on the fast-start performance of rainbow trout Salmo cairdneri, and a consideration of piscivorous predator-prey interactions}},
	Volume = {65},
	Year = {1976}}

@article{I,
	Author = {Howland, H C},
	Date-Modified = {2015-02-04 15:20:26 +0000},
	Journal = {Journal of Theoretical Biology},
	Title = {{Optimal strategies for predator avoidance: The relative importance of speed and manoeuvrability}},
	Year = {1974}}
